<?xml version="1.0" encoding="UTF-8"?><collection xmlns="http://www.loc.gov/MARC21/slim"><record><leader>00322nam--2200121-i-4500</leader><controlfield tag="001">000039755</controlfield><controlfield tag="002">20161230</controlfield><controlfield tag="005">20161230201042</controlfield><controlfield tag="008">060222s1000------------r-----000-0-eng-d</controlfield><datafield ind1=" " ind2=" " tag="100"><subfield code="a">Rowland, Henry Augustus</subfield></datafield><datafield ind1=" " ind2=" " tag="245"><subfield code="a">The physical papers</subfield></datafield><datafield ind1=" " ind2=" " tag="260"><subfield code="a">Baltimore, The John`S Hopkins Press, 1902. Xi + 704 P. + 7 F</subfield></datafield><datafield ind1=" " ind2=" " tag="852"><subfield code="a">972</subfield></datafield></record></collection>